@misc{tiobe_index,
  title = {TIOBE Index for June 2019},
  year = {2019},
  url = {https://www.tiobe.com/tiobe-index/},
  note = {[Online; accessed 2019-06-25]}
}

@misc{arm_pycon,
  author = {McCluskey, A. R.},
  title = {Introducing programming to undergradute chemists: and the tools we've developed to help them},
  year = {PyCON UK, 2018},
  url = {https://doi.org/10.6084/m9.figshare.7092167}
}
